<?xml version="1.0" encoding="UTF-8"?><collection xmlns="http://www.loc.gov/MARC21/slim"><record><leader>00511nam--2200145-i-4500</leader><controlfield tag="001">000019151</controlfield><controlfield tag="002">20161230</controlfield><controlfield tag="005">20161230201033</controlfield><controlfield tag="008">060222s1000------------r-----000-0-eng-d</controlfield><datafield ind1=" " ind2=" " tag="080"><subfield code="a">621.311.2</subfield></datafield><datafield ind1=" " ind2=" " tag="100"><subfield code="a">Condacse, N., Turbutiu, Gh</subfield></datafield><datafield ind1=" " ind2=" " tag="245"><subfield code="a">Electrificarea cailor ferate romane</subfield></datafield><datafield ind1=" " ind2=" " tag="260"><subfield code="a">Bucuresti, Consiliul National Al Inginerilor Si Tehnicienilor, 1969. 16 P.+ 5 Fotografii</subfield></datafield><datafield ind1=" " ind2=" " tag="490"><subfield code="a">A Doua Conferinta A Electricienilor.Iii.Sectia Sisteme, Centrale Si Utilizarea Energiei Electrice</subfield></datafield><datafield ind1=" " ind2=" " tag="852"><subfield code="a">31641</subfield></datafield></record></collection>